<record><leader>00000cas a22000007a 4500</leader><controlfield tag="001">13118671</controlfield><controlfield tag="008">860207d18621865pauwr ne      0    0eng d</controlfield><datafield ind1=" " ind2=" " tag="010"><subfield code="a">sn 86081082 </subfield></datafield><datafield ind1=" " ind2=" " tag="040"><subfield code="a">NPH</subfield><subfield code="b">eng</subfield><subfield code="c">NPH</subfield><subfield code="d">OCLCQ</subfield></datafield><datafield ind1=" " ind2=" " tag="042"><subfield code="a">msc</subfield></datafield><datafield ind1="0" ind2="0" tag="245"><subfield code="a">Tioga County banner.</subfield></datafield><datafield ind1=" " ind2=" " tag="260"><subfield code="a">Wellsboro, Pa. :</subfield><subfield code="b">R. Jenkins</subfield></datafield><datafield ind1=" " ind2=" " tag="300"><subfield code="a">v. ;</subfield><subfield code="c">61 cm.</subfield></datafield><datafield ind1=" " ind2=" " tag="310"><subfield code="a">Weekly</subfield></datafield><datafield ind1="1" ind2=" " tag="362"><subfield code="a">Began in Apr., 1862; ceased in 1865?</subfield><subfield code="z">Cf. Brown, R.C. History of Tioga Co., Pa.</subfield></datafield><datafield ind1=" " ind2=" " tag="500"><subfield code="a">Published every Wednesday.</subfield></datafield><datafield ind1=" " ind2=" " tag="500"><subfield code="a">Moved to Tioga, Pa. after a few months' publication, then returned to Wellsboro, Pa. in 1863. Cf. Brown, R.C. History of Tioga Co., Pa.</subfield></datafield><datafield ind1=" " ind2=" " tag="588"><subfield code="a">Description based on: Vol. 24, no. 35 (Nov. 19, 1862).</subfield></datafield><datafield ind1=" " ind2=" " tag="752"><subfield code="a">United States</subfield><subfield code="b">Pennsylvania</subfield><subfield code="c">Tioga</subfield><subfield code="d">Wellsboro.</subfield></datafield><datafield ind1=" " ind2=" " tag="752"><subfield code="a">United States</subfield><subfield code="b">Pennsylvania</subfield><subfield code="c">Tioga</subfield><subfield code="d">Tioga.</subfield></datafield><datafield ind1="0" ind2="0" tag="780"><subfield code="t">Wellsboro' weekly democrat</subfield><subfield code="w">(DLC)sn 86081081</subfield></datafield><datafield ind1="1" ind2=" " tag="029"><subfield code="a">AU@</subfield><subfield code="b">000025812745</subfield></datafield></record>